
@inproceedings{kohli_redirected_2012,
	title = {Redirected touching: {The} effect of warping space on task performance},
	shorttitle = {Redirected touching},
	url = {http://ieeexplore.ieee.org/xpls/abs_all.jsp?arnumber=6184193},
	booktitle = {3D {User} {Interfaces} (3DUI), 2012 {IEEE} {Symposium} on},
	publisher = {IEEE},
	author = {Kohli, Luv and Whitton, Mary C. and Brooks, Frederick P.},
	year = {2012},
	pages = {105--112},
}

@article{mackenzie_note_1989,
	title = {A note on the information-theoretic basis of {Fitts}' law},
	volume = {21},
	url = {http://www.tandfonline.com/doi/abs/10.1080/00222895.1989.10735486},
	doi = {10.1080/00222895.1989.10735486},
	abstract = {Fitts' law is an information-theoretic view of human motor behavior developed from Shannon's Theorem, 17, a fundamental theorem of communications systems. Using data from Fitts' original experiments, we demonstrate that Fitts' choice of an equation that deviates slightly from the underlying principal is perhaps unfounded, and that the relationship is improved by using an exact adaptation of Shannon's equation.},
	language = {en},
	number = {3},
	journal = {Journal of Motor Behavior},
	author = {MacKenzie, I. Scott},
	year = {1989},
	pages = {323--330},
}

@inproceedings{chun_evaluating_2004,
	title = {Evaluating haptics and 3D stereo displays using {Fitts}' law},
	url = {http://ieeexplore.ieee.org/xpls/abs_all.jsp?arnumber=1391881},
	booktitle = {Haptic, {Audio} and {Visual} {Environments} and {Their} {Applications}, 2004. {HAVE} 2004. {Proceedings}. {The} 3rd {IEEE} {International} {Workshop} on},
	publisher = {IEEE},
	author = {Chun, Kwonsoo and Verplank, Bill and Barbagli, Federico and Salisbury, Kenneth},
	year = {2004},
	pages = {53--58},
}

@phdthesis{insko_passive_2001,
	title = {Passive haptics significantly enhances virtual environments},
	url = {http://web4.cs.ucl.ac.uk/research/vr/VE/Papers/01-017.pdf},
	school = {University of North Carolina at Chapel Hill},
	author = {Insko, Brent Edward},
	year = {2001},
}

@inproceedings{joyce_rapidly_2015,
	title = {The {Rapidly} {Reconfigurable} {Research} {Cockpit}},
	isbn = {978-1-62410-355-1},
	url = {http://arc.aiaa.org/doi/10.2514/6.2015-2336},
	doi = {10.2514/6.2015-2336},
	language = {en},
	publisher = {American Institute of Aeronautics and Astronautics},
	author = {Joyce, Richard D. and Robinson, Stephen K.},
	month = jun,
	year = {2015}
}

@article{fitts_information_1954,
	title = {The information capacity of the human motor system in controlling the amplitude of movement.},
	volume = {47},
	url = {http://psycnet.apa.org/journals/xge/121/3/262/},
	number = {3},
	journal = {Journal of Experimental Psychology: General},
	author = {Fitts, Paul M.},
	year = {1954},
	pages = {262},
}

@article{seixas_one_2015,
	title = {One {Hand} or {Two} {Hands}? 2D {Selection} {Tasks} with the {Leap} {Motion} {Device}},
	shorttitle = {One {Hand} or {Two} {Hands}?},
	url = {http://repositorio.ucp.pt/handle/10400.14/17159},
	author = {Seixas, Manuel and Cardoso, Jorge and Dias, Maria Teresa Galvão},
	year = {2015}
}

@inproceedings{schiefele_simple_1998,
	title = {Simple force feedback for small virtual environments},
	url = {http://proceedings.spiedigitallibrary.org/proceeding.aspx?articleid=948228},
	booktitle = {Aerospace/{Defense} {Sensing} and {Controls}},
	publisher = {International Society for Optics and Photonics},
	author = {Schiefele, Jens and Albert, Oliver and van Lier, Volker and Huschka, Carsten},
	year = {1998},
	pages = {100--110},
}

@inproceedings{teather_pointing_2011,
	title = {Pointing at 3D targets in a stereo head-tracked virtual environment},
	url = {http://ieeexplore.ieee.org/xpls/abs_all.jsp?arnumber=5759222},
	booktitle = {3D {User} {Interfaces} (3DUI), 2011 {IEEE} {Symposium} on},
	publisher = {IEEE},
	author = {Teather, Robert J. and Stuerzlinger, Wolfgang},
	year = {2011},
	pages = {87--94},
}

@techreport{international_organization_for_standardization_iso_2000,
	title = {{ISO} 9241-9:2000, {Ergonomic} requirements for office work with visual display terminals ({VDTs}) - {Part} 9: {Requirements} for non-keyboard input devices},
	url = {http://www.iso.org/iso/home/store/catalogue_ics/catalogue_detail_ics.htm?csnumber=38896},
	author = {{International Organization for Standardization}},
	year = {2000}
}

@article{soukoreff_towards_2004,
	title = {Towards a standard for pointing device evaluation, perspectives on 27 years of {Fitts}’ law research in {HCI}},
	volume = {61},
	issn = {10715819},
	url = {http://linkinghub.elsevier.com/retrieve/pii/S1071581904001016},
	doi = {10.1016/j.ijhcs.2004.09.001},
	language = {en},
	number = {6},
	journal = {International Journal of Human-Computer Studies},
	author = {Soukoreff, R. William and MacKenzie, I. Scott},
	month = dec,
	year = {2004},
	pages = {751--789},
}

@inproceedings{liu_comparing_2009,
	title = {Comparing aimed movements in the real world and in virtual reality},
	url = {http://ieeexplore.ieee.org/xpls/abs_all.jsp?arnumber=4811026},
	booktitle = {Virtual {Reality} {Conference}, 2009. {VR} 2009. {IEEE}},
	publisher = {IEEE},
	author = {Liu, Lei and Van Liere, Robert and Nieuwenhuizen, Catharina and Martens, Jean-Bernard},
	year = {2009},
	pages = {219--222},
}

@article{borst_evaluation_2005,
	title = {Evaluation of a haptic mixed reality system for interactions with a virtual control panel},
	volume = {14},
	url = {http://www.mitpressjournals.org/doi/abs/10.1162/105474605775196562},
	number = {6},
	journal = {Presence: Teleoperators and Virtual Environments},
	author = {Borst, Christoph W. and Volz, Richard A.},
	year = {2005},
	pages = {677--696},
}

@article{woodworth_accuracy_1899,
  title = {Accuracy of voluntary movement.},
  volume = {3},
  url = {http://psycnet.apa.org/journals/mon/3/3/i/},
  number = {3},
  journal = {The Psychological Review: Monograph Supplements},
  author = {Woodworth, Robert Sessions},
  year = {1899},
  pages = {i},
}

@inproceedings{mackenzie_fitts_2015,
  title = {Fitts {Throughput} and the {Remarkable} {Case} of {Touch}-{Based} {Target} {Selection}},
  volume = {9170},
  isbn = {978-3-319-20915-9 978-3-319-20916-6},
  url = {http://link.springer.com/10.1007/978-3-319-20916-6_23},
  booktitle = {Proceedings of the 16th {International} {Conference} on {Human}-{Computer} {Interaction}},
  publisher = {Springer International Publishing},
  author = {MacKenzie, I. Scott},
  year = {2015},
  pages = {238--249},
}
